@article{robock,
    author={A. Robock},
    title={Volcanic eruptions and climate},
    year={2000},
    month={5},
    place={Rutgers University},
    journal={Reviews of Geophysics},
    volume={38, 2},
    pages={191-219},
}

@article{robock_corr,
    author={A. Robock},
    title={Correction to "Volcanic eruptions and climate"},
    year={2007},
    month={},
    place={Rutgers University},
    journal={Reviews of Geophysics},
    volume={45},
    pages={1},
}

@article{budyko_albedo,
    author={M. Budyko},
    title={The effect of solar radiation variations on the climate of Earth},
    year={1969},
    month={12},
    place={},
    journal={Tellus},
    volume={21, 5},
    pages={611-619},
    url={https://doi.org/10.3402/tellusa.v21i5.10109},
}